<?xml version="1.0" encoding="UTF-8"?><collection xmlns="http://www.loc.gov/MARC21/slim"><record><leader>00390nam--2200121-i-4500</leader><controlfield tag="001">000039569</controlfield><controlfield tag="002">20161230</controlfield><controlfield tag="005">20161230201042</controlfield><controlfield tag="008">060222s1000------------r-----000-0-eng-d</controlfield><datafield ind1=" " ind2=" " tag="245"><subfield code="a">The condensed chemical dictionary. 5-th ed., 2nd printing. formely directed by francis m.turner</subfield></datafield><datafield ind1=" " ind2=" " tag="260"><subfield code="a">New York, Reinhold Publ.Corp., 1957, Xix + 1200p</subfield></datafield><datafield ind1=" " ind2=" " tag="700"><subfield code="a">Rose, Arthur And Elizabeth</subfield></datafield><datafield ind1=" " ind2=" " tag="852"><subfield code="a">D.49</subfield></datafield></record></collection>